<record><leader>00000cas a22000007a 4500</leader><controlfield tag="001">18968029</controlfield><controlfield tag="008">890104d187u187upaudr ne      0    0eng d</controlfield><datafield ind1=" " ind2=" " tag="010"><subfield code="a">sn 89077578 </subfield></datafield><datafield ind1=" " ind2=" " tag="040"><subfield code="a">NPH</subfield><subfield code="b">eng</subfield><subfield code="c">NPH</subfield><subfield code="d">OCLCQ</subfield></datafield><datafield ind1=" " ind2=" " tag="042"><subfield code="a">msc</subfield></datafield><datafield ind1="0" ind2="4" tag="245"><subfield code="a">The Daily cosmopolite.</subfield></datafield><datafield ind1=" " ind2=" " tag="260"><subfield code="a">Girard [Pa.] :</subfield><subfield code="b">Jacob Bender</subfield></datafield><datafield ind1=" " ind2=" " tag="300"><subfield code="a">v. ;</subfield><subfield code="c">36 cm.</subfield></datafield><datafield ind1=" " ind2=" " tag="310"><subfield code="a">Daily</subfield></datafield><datafield ind1=" " ind2=" " tag="588"><subfield code="a">Description based on: Jan. 21, 1874.</subfield></datafield><datafield ind1=" " ind2=" " tag="752"><subfield code="a">United States</subfield><subfield code="b">Pennsylvania</subfield><subfield code="c">Erie</subfield><subfield code="d">Girard.</subfield></datafield><datafield ind1="0" ind2=" " tag="775"><subfield code="t">Cosmopolite (Girard, Pa.)</subfield><subfield code="w">(DLC)sn 83032082</subfield></datafield></record>